@proceedings{.2007,
	title        = {{Cyber attack modeling and simulation for network security analysis}},
	year         = 2007,
	publisher    = {{IEEE Press}},
	isbn         = 1424413060,
	note         = {[Abgerufen am: 20.01.2021]},
	howpublished = {\url{https://dl.acm.org/citation.cfm?id=1351749}}
}
@book{Stuttard.2011,
	title        = {{The web application hacker's handbook: Finding and exploiting security flaws}},
	author       = {Stuttard, Dafydd and Pinto, Marcus},
	year         = 2011,
	publisher    = {Wiley},
	address      = {Indianapolis, Ind.},
	isbn         = {978-1118026472},
	price        = {USD 50.00},
	edition      = {2nd. ed.},
	file         = {http://www.gbv.de/dms/tib-ub-hannover/657470899.pdf}
}
@book{Kim.2015,
	title        = {{The hacker playbook 2: Practical guide to penetration testing}},
	author       = {Kim, Peter},
	year         = 2015,
	publisher    = {{CreateSpace by Amazon Distribution GmbH}},
	address      = {Leipzig},
	isbn         = {978-1512214567}
}
@book{Yaworski.2019,
	title        = {{Real-world bug hunting: A field guide to web hacking}},
	author       = {Yaworski, Peter},
	year         = 2019,
	isbn         = {978-1593278618}
}
@book{Ammann.2017,
	title        = {{Introduction to software testing}},
	author       = {Ammann, Paul and Offutt, Jeff},
	year         = 2017,
	publisher    = {{Cambridge University Press}},
	address      = {Cambridge and New York, NY and Melbourne},
	isbn         = 1107172012,
	edition      = {Second edition}
}
@book{Mili.2015,
	title        = {{Software testing: Concepts and operations}},
	author       = {Mili, Ali and Tchier, Fairouz},
	year         = 2015,
	publisher    = {Wiley},
	address      = {Hoboken, NJ},
	series       = {{Quantitative software engineering series}},
	isbn         = 9781118662878
}
@book{Myers.2012,
	title        = {{The art of software testing: Now covers testing for usability, smartphone apps, and agile development environments}},
	author       = {Myers, Glenford J. and Badgett, Tom and Sandler, Corey},
	year         = 2012,
	publisher    = {Wiley},
	address      = {Hoboken, NJ},
	isbn         = 9781118031964,
	url          = {\url{http://site.ebrary.com/lib/academiccompletetitles/home.action}},
	edition      = {3. ed.},
	institution  = {{ebrary, Inc}},
	file         = {http://site.ebrary.com/lib/alltitles/docDetail.action?docID=10500924}
}
@book{Takanen.2018b,
	title        = {{Fuzzing for software security testing and quality assurance}},
	author       = {Takanen, Ari and DeMott, Jared and Miller, Charlie and Kettunen, Atte},
	year         = 2018,
	publisher    = {{Artech House}},
	address      = {Boston and London},
	series       = {{Artech House information security and privacy series}},
	isbn         = 9781608078509,
	edition      = {Second edition}
}
@inproceedings{Triantopoulou.15.07.201917.07.2019,
	title        = {{An Experimental Analysis of Current DDoS attacks Based on a Provider Edge Router Honeynet}},
	author       = {Triantopoulou, Stamatia and Papanikas, Dimitrios and Kotzanikolaou, Panayiotis},
	year         = {15.07.2019 - 17.07.2019},
	booktitle    = {{2019 10th International Conference on Information, Intelligence, Systems and Applications (IISA)}},
	publisher    = {IEEE},
	pages        = {1--5},
	doi          = {\url{10.1109/IISA.2019.8900732}},
	isbn         = {978-1-7281-4959-2},
	note         = {[Abgerufen am: 20.01.2021]},
	file         = {https://ieeexplore.ieee.org/xpl/mostRecentIssue.jsp?punumber=8893976}
}
@misc{Rivest.1992,
	title        = {{The MD5 Message-Digest Algorithm}},
	author       = {{Ronald L. Rivest}},
	year         = 1992,
	note         = {[Abgerufen am: 11.01.2021]},
	howpublished = {\url{https://dl.acm.org/doi/pdf/10.17487/RFC1321?casa_token=BY42P3KQ8XcAAAAA:GtB7dinUB7LEy1HwulUgrB-C3DLqqho6WWUqn1ztqADIa7B28k1ruRNDmHp4Tush1yvf7PR_-NQ}}
}
@misc{Edge.2020,
	title        = {{OpenWrt and self-signed certificates}},
	author       = {{Jake Edge}},
	year         = 2020,
	urldate      = {18.11.2020},
	note         = {[Abgerufen am: 18.11.2020]},
	howpublished = {\url{https://lwn.net/Articles/837491/}}
}
@misc{OWASP.2020,
	title        = {{Brute Force Attack}},
	author       = {{OWASP Foundation}},
	year         = 2020,
	urldate      = {31.10.2020},
	note         = {[Abgerufen am: 19.01.2021]},
	howpublished = {\url{https://owasp.org/www-community/attacks/Brute_force_attack}}
}
@book{Fowler.2013,
	title        = {{Refactoring: Improving the design of existing code}},
	author       = {Fowler, Martin and Beck, Kent},
	year         = 2013,
	publisher    = {Addison-Wesley},
	address      = {Boston},
	series       = {{The Addison-Wesley object technology series}},
	isbn         = 9780201485677,
	edition      = {28. printing}
}
@misc{Johnson1978LintAC,
	title        = {Lint, a C Program Checker},
	author       = {S. C. Johnson and M. Hill},
	year         = 1978,
	howpublished = {\url{https://wolfram.schneider.org/bsd/7thEdManVol2/lint/lint.pdf}},
	note         = {[Abgerufen am: 20.01.2021]}
}
@misc{StephenHilt.2020,
	title        = {{Worm War: The Botnet Battle for IoT Territory}},
	author       = {{Stephen Hilt, Fernando Merc{\^e}s, Mayra Rosario, and David Sancho}},
	year         = 2020,
	urldate      = {19.01.2021},
	note         = {[Abgerufen am: 19.01.2021]},
	howpublished = {\url{https://documents.trendmicro.com/assets/white_papers/wp-worm-war-the-botnet-battle-for-iot-territory.pdf}}
}
@article{Frank1951,
	title        = {The Kolmogorov-Smirnov Test for Goodness of Fit},
	author       = {Frank J.   Massey   Jr.},
	year         = 1951,
	journal      = {Journal of the American Statistical Association},
	publisher    = {Taylor & Francis},
	volume       = 46,
	number       = 253,
	pages        = {68--78},
	doi          = {10.1080/01621459.1951.10500769},
	note         = {[Abgerufen am: 15.01.2021]},
	howpublished = {https://www.tandfonline.com/doi/abs/10.1080/01621459.1951.10500769}
}
@misc{MartinMuller.2019,
	title        = {{SAMESITE COOKIES - STRICT, ODER SOLL ES DOCH LIEBER LAX SEIN?}},
	author       = {{Martin M{\"u}ller}},
	year         = 2019,
	note         = {[Abgerufen am: 05.12.2020]},
	howpublished = {\url{https://blog.viadee.de/samesite-cookies-strict-oder-lax}}
}
@misc{Wiki.2011,
	title        = {{OSI-Referenzmodell}},
	author       = {{Ubuntu-Forum Wiki Autoren}},
	year         = 2011,
	urldate      = {17.01.2011},
	note         = {[Abgerufen am: 19.01.2021]},
	howpublished = {\url{http://wiki.ubuntu-forum.de/index.php?title=Baustelle:OSI-Referenzmodell}}
}
@book{Schemberg.2016,
	title        = {{PC-Netzwerke: Das umfassende Handbuch}},
	author       = {Schemberg, Axel and Linten, Martin and Surendorf, Kai},
	year         = 2016,
	publisher    = {Rheinwerk},
	address      = {Bonn},
	series       = {{Rheinwerk Computing}},
	isbn         = {978-3836236805},
	edition      = {7., aktualisierte und erweiterte Auflage},
	file         = {http://cover.ekz.de/9783836218993.jpg}
}
@book{Fischer.2011,
	title        = {{Lexikon der Informatik}},
	author       = {Fischer, Peter and Hofer, Peter},
	year         = 2011,
	publisher    = {Springer},
	address      = {Berlin},
	isbn         = 9783642151255,
	edition      = {15., {\"u}berarb. Aufl.},
	file         = {http://deposit.d-nb.de/cgi-bin/dokserv?id=3513909&prov=M&dok_var=1&dok_ext=htm}
}
@book{Lowe.2018,
	title        = {{Networking all-in-one for dummies}},
	author       = {Lowe, Doug},
	year         = 2018,
	publisher    = {{John Wiley {\&} Sons Inc}},
	address      = {Hoboken, New Jersey},
	series       = {{Learning made easy}},
	isbn         = {978-1119471608},
	edition      = {7th edition},
	file         = {http://www.gbv.de/dms/tib-ub-hannover/1030321167.pdf}
}
@book{Perlman.1999,
	title        = {{Interconnections: Bridges, routers, switches and internetworking protocols}},
	author       = {Perlman, Radia},
	year         = 1999,
	publisher    = {Addison-Wesley},
	address      = {Reading, Mass.},
	series       = {{Addison-Wesley professional computing series}},
	isbn         = {978-0201634488},
	edition      = {2. ed., 1. print},
	file         = {https://external.dandelon.com/download/attachments/dandelon/ids/CH00184386E876B579457C12578EE003EF53C.pdf}
}
@misc{BundesamtfurSicherheitinderInformationstechnik.2020b,
	title        = {{BSI TR-03148:Secure Broadband Router: Requirements for secure Broadband Routers}},
	author       = {{Bundesamt f{\"u}r Sicherheit in der Informationstechnik}},
	year         = 2020,
	urldate      = {11.08.2020},
	note         = {[Abgerufen am: 26.10.2020]},
	howpublished = {\url{https://www.bsi.bund.de/SharedDocs/Downloads/DE/BSI/Publikationen/TechnischeRichtlinien/TR03148/TR03148.pdf?__blob=publicationFile&v=3}}
}
@misc{BSI.2016,
	title        = {{Der Bot im Babyfon}},
	author       = {{Bundesamt f{\"u}r Sicherheit in der Informationstechnik}},
	year         = 2016,
	urldate      = {24.10.2016},
	note         = {[Abgerufen am: 18.01.2021]},
	howpublished = {\url{https://www.bsi-fuer-buerger.de/BSIFB/DE/Service/Aktuell/Informationen/Artikel/Botnetz_iot_24102016.html}}
}
@misc{OpenWrtWebseite.29.11.2020,
	title        = {{OpenWrt Download Statistik November 2020}},
	author       = {{OpenWrt Webseite}},
	year         = {29.11.2020},
	urldate      = {29.11.2020},
	note         = {[Abgerufen am: 30.11.2020]}
}
@misc{BundesamtfurSicherheitinderInformationstechnik.e,
	title        = {{BSI TR-03148 Sichere Breitband Router}},
	author       = {{Bundesamt f{\"u}r Sicherheit in der Informationstechnik}},
	urldate      = {04.01.2021},
	note         = {[Abgerufen am: 26.10.2020]},
	howpublished = {\url{https://www.bsi.bund.de/DE/Publikationen/TechnischeRichtlinien/tr03148/tr03148_node.html}}
}
@misc{OpenWrtWebseite.2020b,
	title        = {{Release Signing}},
	author       = {{OpenWrt Webseite}},
	year         = 2019,
	urldate      = {05.01.2021},
	note         = {[Abgerufen am: 05.01.2021]},
	howpublished = {\url{https://openwrt.org/docs/guide-user/security/release_signatures}}
}
@misc{UlrichHottelet.16.11.2018,
	title        = {{BSI will Router mit neuer Technischen Richtlinie sicherer machen}},
	author       = {{Ulrich Hottelet}},
	year         = {16.11.2018},
	journal      = {heise online},
	urldate      = {04.01.2021},
	note         = {[Abgerufen am: 04.01.2021]},
	howpublished = {\url{https://www.heise.de/security/meldung/BSI-will-Router-mit-neuer-Technischen-Richtlinie-sicherer-machen-4222689.html}}
}
@misc{CCCundOpenWRTkritisierenRouterTRalsFarce.19.11.2018,
	title        = {{CCC und OpenWRT kritisieren Router-TR als Farce}},
	author       = {{Friedhelm Greis}},
	year         = {19.11.2018},
	journal      = {{Golem Online}},
	urldate      = {04.01.2021},
	note         = {[Abgerufen am: 04.01.2021]},
	howpublished = {\url{https://www.golem.de/news/bsi-richtlinie-ccc-und-openwrt-kritisieren-router-tr-als-farce-1811-137796.html}}
}
@inproceedings{Du.21.10.201123.10.2011,
	title        = {{A Study of Man-in-the-Middle Attack Based on SSL Certificate Interaction}},
	author       = {Du, Jiang and Li, Xinghui and Huang, Hua},
	year         = {21.10.2011 - 23.10.2011},
	booktitle    = {{2011 First International Conference on Instrumentation, Measurement, Computer, Communication and Control}},
	publisher    = {IEEE},
	pages        = {445--448},
	doi          = {\url{10.1109/IMCCC.2011.117}},
	isbn         = {978-0-7695-4519-6},
	note         = {[Abgerufen am: 12.12.2020]},
	howpublished = {http://ieeexplore.ieee.org/document/6154142/}
}
@misc{OpenWrtWebseite.2020,
	title        = {{Package table}},
	author       = {{OpenWrt Webseite}},
	year         = {03.01.2021},
	urldate      = {04.01.2021},
	note         = {[Abgerufen am: 04.01.2021]},
	howpublished = {\url{https://openwrt.org/_media/packages_dump_tab_separated.zip}}
}
@inproceedings{Ortega.19.10.200921.10.2009,
	title        = {{Preventing ARP cache poisoning attacks: A proof of concept using OpenWrt}},
	author       = {Ortega, Andre P. and Marcos, Xavier E. and Chiang, Luis D. and Abad, Cristina L.},
	year         = {19.10.2009 - 21.10.2009},
	booktitle    = {{2009 Latin American Network Operations and Management Symposium}},
	publisher    = {IEEE},
	pages        = {1--9},
	doi          = {\url{10.1109/LANOMS.2009.5338799}},
	isbn         = {978-1-4244-4551-6},
	note         = {[Abgerufen am: 08.11.2020]},
	howpublished = {http://ieeexplore.ieee.org/document/5338799/}
}
@inproceedings{Palazzi.19.07.201023.07.2010,
	title        = {{An OpenWRT solution for future wireless homes}},
	author       = {Palazzi, Claudio E. and Brunati, Matteo and Roccetti, Marco},
	year         = {19.07.2010 - 23.07.2010},
	booktitle    = {{2010 IEEE International Conference on Multimedia and Expo}},
	publisher    = {IEEE},
	pages        = {1701--1706},
	doi          = {\url{10.1109/ICME.2010.5583223}},
	isbn         = {978-1-4244-7491-2},
	note         = {[Abgerufen am: 08.11.2020]},
	howpublished = {http://ieeexplore.ieee.org/document/5583223/}
}
@misc{AndrewMcDonnell.2014,
	title        = {{Evaluating the security of OpenWRT}},
	author       = {{Andrew McDonnell}},
	year         = 2014,
	urldate      = {04.01.2021},
	note         = {[Abgerufen am: 08.11.2020]},
	howpublished = {\url{https://blog.oldcomputerjunk.net/2014/evaluating-the-security-of-openwrt-part-1/}}
}
@misc{OpenWrtLuci.2020,
	title        = {{Luci dispatcher.lua}},
	author       = {{OpenWrt Team}},
	year         = 2020,
	urldate      = {31.08.2020},
	note         = {[Abgerufen am: 28.11.2020]},
	howpublished = {\url{https://github.com/openwrt/luci/blob/master/modules/luci-base/luasrc/dispatcher.lua}}
}
@misc{GeraldDoussot.2019,
	title        = {{State of DNS Rebinding: Attack {\&} Prevention Techniques and the Singularity of Origin}},
	author       = {{G{\'e}rald Doussot}, Roger Meyer},
	year         = 2019,
	note         = {[Abgerufen am: 02.12.2020]},
	howpublished = {\url{https://docs.google.com/presentation/d/1O7MxvbIfRcPSlbyZbFxD-fAR34XlquQSlRAHPb2kR4E/edit#slide=id.p}}
}
@proceedings{Chen.2011b,
	title        = {{Proceedings of the Second Asia-Pacific Workshop on Systems - APSys '11}},
	year         = 2011,
	publisher    = {{ACM Press}},
	address      = {New York, New York, USA},
	doi          = {\url{10.1145/2103799}},
	isbn         = 9781450311793,
	editor       = {Chen, Haibo and Zhang, Zheng and Moon, Sue and Zhou, Yuanyuan}
}
@inproceedings{Jimenez.06.12.201609.12.2016,
	title        = {{An Empirical Analysis of Vulnerabilities in OpenSSL and the Linux Kernel}},
	author       = {Jimenez, Matthieu and Papadakis, Mike and {Le Traon}, Yves},
	year         = {06.12.2016 - 09.12.2016},
	booktitle    = {{2016 23rd Asia-Pacific Software Engineering Conference (APSEC)}},
	publisher    = {IEEE},
	pages        = {105--112},
	doi          = {\url{10.1109/APSEC.2016.025}},
	isbn         = {978-1-5090-5575-3},
	note         = {[Abgerufen am: 08.11.2020]},
	howpublished = {http://ieeexplore.ieee.org/document/7890577/}
}
@book{Viega.2009,
	title        = {{Network Security with OpenSSL: Cryptography for Secure Communications}},
	author       = {Viega, John and Messier, Matt and Chandra, Pravir},
	year         = 2009,
	publisher    = {{O'Reilly Media Inc}},
	address      = {Sebastopol},
	isbn         = 9780596002701,
	url          = {\url{http://gbv.eblib.com/patron/FullRecord.aspx?p=443069}},
	abstract     = {Most applications these days are at least somewhat network aware, but how do you protect those applications against common network security threats?  Many developers are turning to OpenSSL, an open source version of SSL/TLS, which is the most widely used protocol for secure network communications.   The OpenSSL library is seeing widespread adoption for web sites that require cryptographic functions to protect a broad range of sensitive information, such as credit card numbers and other financial transactions. The library is the only free, full-featured SSL implementation for C and C++,  and i},
	file         = {https://ebookcentral.proquest.com/lib/gbv/detail.action?docID=443069}
}
@inproceedings{Barayuga.24.08.201527.08.2015,
	title        = {{Packet Level TCP Performance of NAT44, NAT64 and IPv6 Using Iperf in the Context of IPv6 Migration}},
	author       = {Barayuga, Vitruvius John D. and Yu, William Emmanuel S.},
	year         = {24.08.2015 - 27.08.2015},
	booktitle    = {{2015 5th International Conference on IT Convergence and Security (ICITCS)}},
	publisher    = {IEEE},
	pages        = {1--3},
	doi          = {\url{10.1109/ICITCS.2015.7293006}},
	isbn         = {978-1-4673-6537-6},
	note         = {[Abgerufen am: 12.11.2020]},
	howpublished = {http://ieeexplore.ieee.org/document/7293006/}
}
@misc{LinusTorvalds.1991,
	title        = {{Linux---a free unix-386 kernel}},
	author       = {{Linus Torvalds}},
	year         = 1991,
	urldate      = {04.01.2021},
	note         = {[Abgerufen am: 08.11.2020]},
	howpublished = {\url{https://tech-insider.org/linux/research/acrobat/911010.pdf}}
}
@book{Lyon.2008,
	title        = {nmap network scanning},
	author       = {Lyon, Gordon},
	year         = 2008,
	publisher    = {{Insecure.Com LLC}},
	address      = {Sunnyvale, CA},
	isbn         = {978-0-9799587-1-7},
	file         = {http://external.dandelon.com/download/attachments/dandelon/ids/DE0014B5CF5D20647EA4EC12575C2003856F8.pdf}
}
@misc{GordonFyodorLyon.2020,
	title        = {{Nmap 7.90 Released! First release since August 2019.}},
	author       = {{Gordon Fyodor Lyon}},
	year         = 2020,
	urldate      = {04.01.2021},
	note         = {[Abgerufen am: 17.11.2020]},
	howpublished = {\url{https://seclists.org/nmap-announce/2020/1}}
}
@article{AcostaLopez.2018,
	title        = {{Evaluation of the WPA2-PSK wireless network security protocol using the Linset and Aircrack-ng tools}},
	author       = {Acosta-L{\'o}pez, Alberto and Melo-Monroy, Elver Yesid and Linares-Murcia, Pablo Andr{\'e}s},
	year         = 2018,
	journal      = {{Revista Facultad de Ingenier{\'i}a}},
	volume       = 27,
	number       = 47,
	doi          = {\url{10.19053/01211129.v27.n47.2018.7748}},
	issn         = {0121-1129},
	note         = {[Abgerufen am: 18.11.2020]}
}
@inproceedings{Goyal.16.09.201717.09.2017,
	title        = {{Comparative study of two most popular packet sniffing tools-Tcpdump and Wireshark}},
	author       = {Goyal, Piyush and Goyal, Anurag},
	year         = {16.09.2017 - 17.09.2017},
	booktitle    = {{2017 9th International Conference on Computational Intelligence and Communication Networks (CICN)}},
	publisher    = {IEEE},
	pages        = {77--81},
	doi          = {\url{10.1109/CICN.2017.8319360}},
	isbn         = {978-1-5090-5001-7},
	note         = {[Abgerufen am: 19.11.2020]},
	howpublished = {http://ieeexplore.ieee.org/document/8319360/}
}
@book{Sanders.2017,
	title        = {{Practical packet analysis: Using Wireshark to solve real-world network problems}},
	author       = {Sanders, Chris},
	year         = 2017,
	publisher    = {{No Starch Press}},
	address      = {San Francisco},
	isbn         = 1593278020,
	url          = {\url{http://proquest.tech.safaribooksonline.de/9781492020356}},
	edition      = {3rd edition}
}
@article{Waliullah.2015,
	title        = {{An Experimental Study Analysis of Security Attacks at IEEE 802.11 Wireless Local Area Network}},
	author       = {Waliullah, Md and Moniruzzaman, A. B. M. and Rahman, Md. Sadekur},
	year         = 2015,
	journal      = {{International Journal of Future Generation Communication and Networking}},
	volume       = 8,
	number       = 1,
	pages        = {9--18},
	doi          = {\url{10.14257/ijfgcn.2015.8.1.02}},
	issn         = 22337857,
	note         = {[Abgerufen am: 19.11.2020]}
}
@misc{OpenWrtWebseite.2019,
	title        = {{Factory install: First-time installation on a device}},
	author       = {{OpenWrt Webseite}},
	year         = 2019,
	urldate      = {04.01.2021},
	note         = {[Abgerufen am: 02.11.2020]},
	howpublished = {\url{https://openwrt.org/docs/guide-quick-start/factory_installation}}
}
@misc{OpenWrtWebseite.07.12.2020,
	title        = {{Router vs switch vs gateway and NAT}},
	author       = {{OpenWrt Webseite}},
	year         = 2020,
	urldate      = {04.01.2021},
	note         = {[Abgerufen am: 02.11.2020]},
	howpublished = {\url{https://openwrt.org/docs/guide-user/network/switch_router_gateway_and_nat}}
}
@misc{StefanViehbock.2011,
	title        = {{Brute forcing Wi-Fi Protected Setup}},
	author       = {{Stefan Viehb{\"o}ck}},
	year         = 2011,
	urldate      = {04.01.2021},
	note         = {[Abgerufen am: 24.11.2020]},
	howpublished = {\url{https://sviehb.files.wordpress.com/2011/12/viehboeck_wps.pdf}}
}
@misc{PaulRussell.,
	title        = {{Netfilter - Project history}},
	author       = {{Paul Russell}},
	urldate      = {04.01.2021},
	note         = {[Abgerufen am: 25.11.2020]},
	howpublished = {\url{https://www.netfilter.org/about.html#history}}
}
@misc{SimonKelley.2001,
	title        = {{dnsmasq Archiv}},
	author       = {{Simon Kelley}},
	year         = 2001,
	urldate      = {04.01.2021},
	note         = {[Abgerufen am: 25.11.2020]},
	howpublished = {\url{http://www.thekelleys.org.uk/dnsmasq/archive/?C=M;O=A}}
}
@misc{ThomasdOtreppedeBouvette.25.01.2020,
	author       = {{Thomas d'Otreppe de Bouvette}},
	year         = {25.01.2020},
	urldate      = {04.01.2021},
	note         = {[Abgerufen am: 25.11.2020]},
	howpublished = {\url{https://github.com/aircrack-ng/aircrack-ng}}
}
@misc{D.Wetter.2020,
	title        = {testssl.sh},
	author       = {{D. Wetter}},
	year         = 2020,
	urldate      = {04.01.2021},
	howpublished = {\url{https://testssl.sh}},
	note         = {[Abgerufen am: 26.11.2020]}
}
@misc{PatrickLacharme.2012,
	title        = {{The Linux Pseudorandom Number Generator Revisited}},
	author       = {{Patrick Lacharme, Andrea R{\"o}ck, Vincent Strubel, Marion Videau}},
	year         = 2012,
	note         = {[Abgerufen am: 27.11.2020]},
	howpublished = {\url{https://eprint.iacr.org/2012/251.pdf}}
}
@misc{Microsoft.2008,
	title        = {{MS08-020 : How predictable is the DNS transaction ID?}},
	author       = {Microsoft},
	year         = 2008,
	note         = {[Abgerufen am: 27.11.2020]},
	howpublished = {\url{https://msrc-blog.microsoft.com/2008/04/09/ms08-020-how-predictable-is-the-dns-transaction-id/}}
}
@misc{Halfacree.2020,
	title        = {{Wave Computing Closes Its MIPS Open Initiative with Immediate Effect, Zero Warning}},
	author       = {Gareth Halfacree},
	year         = 2020,
	note         = {[Abgerufen am: 14.01.2021]},
	howpublished = {\url{https://www.hackster.io/news/wave-computing-closes-its-mips-open-initiative-with-immediate-effect-zero-warning-e88b0df9acd0}}
}
@misc{Gabler2016,
	title        = {{Sampling in Theory}},
	author       = {{Siegfried Gabler, Sabine Häder}},
	year         = 2016,
	note         = {[Abgerufen am: 14.01.2021]},
	howpublished = {\url{https://www.gesis.org/fileadmin/upload/SDMwiki/GablerH%C3%A4der_Sampling_in_Theory.pdf}}
}
@misc{BenSooter.15.03.2016,
	title        = {{URLchecker - Top 1000 Websites}},
	author       = {{Ben Sooter}},
	year         = {15.03.2016},
	note         = {[Abgerufen am: 19.11.2020]},
	howpublished = {\url{https://github.com/bensooter/URLchecker/blob/master/top-1000-websites.txt}}
}
@proceedings{Lazarov.2019,
	title        = {{Proceedings of the Eighth International Conference on Telecommunications and Remote Sensing  - ICTRS '19}},
	year         = 2019,
	publisher    = {{ACM Press}},
	address      = {New York, New York, USA},
	doi          = {\url{10.1145/3357767}},
	isbn         = 9781450376693,
	editor       = {Lazarov, Andon and Shishkov, Boris and Mitrakos, Dimitris and Janssen, Marijn}
}
@inproceedings{Gaur.13.05.201515.05.2015,
	title        = {{Operating Systems for IoT Devices: A Critical Survey}},
	author       = {Gaur, Padmini and Tahiliani, Mohit P.},
	year         = {13.05.2015 - 15.05.2015},
	booktitle    = {{2015 IEEE Region 10 Symposium}},
	publisher    = {IEEE},
	pages        = {33--36},
	doi          = {\url{10.1109/TENSYMP.2015.17}},
	isbn         = {978-1-4799-1782-2},
	note         = {[Abgerufen am: 24.12.2020]},
	howpublished = {http://ieeexplore.ieee.org/document/7166231/}
}
@misc{xorl.2010,
	title        = {{Linux GLibC Stack Canary Values}},
	author       = {xorl},
	year         = 2010,
	note         = {[Abgerufen am: 24.12.2020]},
	howpublished = {\url{https://xorl.wordpress.com/2010/10/14/linux-glibc-stack-canary-values/}}
}
@misc{SiddharthSharma.2014,
	title        = {{Enhance application security with FORTIFY{\_}SOURCE}},
	author       = {{Siddharth Sharma}},
	year         = 2014,
	urldate      = {04.01.2021},
	note         = {[Abgerufen am: 24.12.2020]},
	howpublished = {\url{https://access.redhat.com/blogs/766093/posts/1976213}}
}
@misc{Payer.2012,
	title        = {{Too much PIE is bad for performance}},
	author       = {Payer, Mathias},
	publisher    = {{ETH Zurich}},
	note         = {[Abgerufen am: 24.12.2020]},
	abstract     = {Technical report, 766},
	date         = 2012,
	howpublished = {\url{https://doi.org/10.3929/ethz-a-007316742}}
}
@misc{OWASPEmbeddedApplicationSecurityProject.2019,
	title        = {{Securing Sensitive Information}},
	author       = {{OWASP Embedded Application Security Project}},
	year         = 2019,
	note         = {[Abgerufen am: 24.12.2020]},
	howpublished = {\url{https://scriptingxss.gitbook.io/embedded-appsec-best-practices/4_securing_sensitive_information}}
}
@misc{sslKeys.,
	title        = {{SSL Private-Key}},
	urldate      = {04.01.2021},
	note         = {[Abgerufen am: 25.12.2020]},
	howpublished = {\url{https://ssl.de/ssl-glossar/private-key.html}}
}
@misc{HuiWang.2018,
	title        = {{BCMPUPnP{\_}Hunter: A 100k Botnet Turns Home Routers to Email Spammers}},
	author       = {{Hui Wang}},
	year         = 2018,
	urldate      = {04.01.2021},
	note         = {[Abgerufen am: 27.12.2020]},
	howpublished = {\url{https://blog.netlab.360.com/bcmpupnp_hunter-a-100k-botnet-turns-home-routers-to-email-spammers-en/}}
}
@article{Carvalho.2014,
	title        = {{Heartbleed 101}},
	author       = {Carvalho, Marco and DeMott, Jared and Ford, Richard and Wheeler, David A.},
	year         = 2014,
	journal      = {{IEEE Security {\&} Privacy}},
	volume       = 12,
	number       = 4,
	pages        = {63--67},
	doi          = {\url{10.1109/MSP.2014.66}},
	issn         = {1540-7993},
	note         = {[Abgerufen am: 16.01.2021]}
}
@misc{Konoth.29.01.2019,
	title        = {{Malicious cryptocurrency miners: Status and Outlook}},
	author       = {Konoth, Radhesh Krishnan and {van Wegberg}, Rolf and Moonsamy, Veelasha and Bos, Herbert},
	note         = {[Abgerufen am: 16.01.2021]},
	abstract     = {In this study, we examine the behavior and profitability of modern malware that mines cryptocurrency. Unlike previous studies, we look at the cryptocurrency market as a whole, rather than just Bitcoin. We not only consider PCs, but also mobile phones, and IoT devices. In the past few years, criminals have attacked all these platforms for the purpose of cryptocurrency mining. The question is: how much money do they make? It is common knowledge that mining Bitcoin is now very difficult, so why do the criminals even target low-end devices for mining purposes? By analyzing the most important families of malicious cryptocurrency miners that were active between 2014 and 2017, we are able to report how they work, which currency they mine, and how profitable it is to do so. We will see that the evolution of the cryptocurrency market with many new cryptocurrencies that are still CPU minable and offer better privacy to criminals and have contributed to making mining malware attractive again -- with attackers generating a continuous stream of profit that in some cases may reach in the millions.},
	date         = {29.01.2019},
	howpublished = {\url{http://arxiv.org/pdf/1901.10794v1}},
	file         = {http://arxiv.org/abs/1901.10794v1}
}
@incollection{LennartBeringerAdamPetcheKatherineQ.YeAndrewW.Appel.,
	title        = {{Verified Correctness and Security of OpenSSL HMAC}},
	author       = {{Lennart Beringer, Adam Petche, Katherine Q. Ye, Andrew W. Appel}},
	booktitle    = {{24th USENIX Security Symposium}},
	urldate      = {04.01.2021},
	note         = {[Abgerufen am: 05.11.2020]},
	howpublished = {\url{https://www.usenix.org/system/files/conference/usenixsecurity15/sec15-paper-beringer.pdf}}
}
@misc{JonathanCorbet.2016,
	title        = {{Linux Kernel Development: How Fast It is Going, Who is Doing It, What They Are Doing and Who is Sponsoring the Work}},
	author       = {{Jonathan Corbet}, Greg Kroah-Hartman},
	year         = 2016,
	urldate      = {04.01.2021},
	note         = {[Abgerufen am: 11.11.2020]},
	howpublished = {\url{https://www.linuxfoundation.org/wp-content/uploads/linux-kernel-report-2016.pdf}}
}
@misc{OpenWrtWebseite.18.01.2020,
	title        = {{Table of Hardware}},
	author       = {{OpenWrt Webseite}},
	year         = {18.01.2020},
	urldate      = {04.01.2021},
	note         = {[Abgerufen am: 28.10.2020]},
	howpublished = {\url{https://openwrt.org/toh/start}}
}
@misc{OpenWrtWebseite.13.12.2020,
	title        = {{OpenWrt Version History}},
	author       = {{OpenWrt Webseite}},
	year         = {13.12.2020},
	note         = {[Abgerufen am: 28.10.2020]},
	howpublished = {\url{https://openwrt.org/about/history}}
}
@misc{OpenWrtWebseite.16.10.2020,
	title        = {{About the OpenWrt/LEDE project}},
	author       = {{OpenWrt Webseite}},
	year         = {16.10.2020},
	urldate      = {04.01.2021},
	note         = {[Abgerufen am: 28.10.2020]},
	howpublished = {\url{https://openwrt.org/about}}
}
@misc{AdvancedTomatoWebseite.,
	author       = {{AdvancedTomato Webseite}},
	urldate      = {04.01.2021},
	note         = {[Abgerufen am: 29.10.2020]},
	howpublished = {\url{https://advancedtomato.com}}
}
@misc{DDWRTWebseite.,
	author       = {{DD-WRT Webseite}},
	urldate      = {04.01.2021},
	note         = {[Abgerufen am: 29.10.2020]},
	howpublished = {\url{https://dd-wrt.com}}
}
@misc{libreCMCWebseite.,
	author       = {{libreCMC Webseite}},
	urldate      = {04.01.2021},
	note         = {[Abgerufen am: 29.10.2020]},
	howpublished = {\url{https://librecmc.org}}
}
@misc{OpenWrtWebseite.,
	author       = {{OpenWrt Webseite}},
	urldate      = {04.01.2021},
	note         = {[Abgerufen am: 28.10.2020]},
	howpublished = {\url{https://openwrt.org}}
}
@misc{radware.2015,
	title        = {{DDoS Survival Handbook}},
	author       = {radware},
	year         = 2015,
	note         = {[Abgerufen am: 19.01.2021]},
	howpublished = {\url{https://www.radware.com/getattachment/Security/Research/702/Radware_DDoS_Handbook_2015.pdf.aspx?lang=en-US}}
}
@misc{StefanoAlbrecht.2005,
	title        = {{Denial of Service}},
	author       = {{Stefano Albrecht}},
	year         = 2005,
	urldate      = {19.01.2021},
	note         = {[Abgerufen am: 19.01.2021]},
	howpublished = {\url{http://www.highgames.com/?set=hardwareview&view=8}}
}
@misc{BundesamtfurSicherheitinderInformationstechnik.2020,
	title        = {{Die Lage der IT-Sicherheit in Deutschland 2020}},
	author       = {{Bundesamt f{\"u}r Sicherheit in der Informationstechnik}},
	year         = 2020,
	urldate      = {04.01.2021},
	note         = {[Abgerufen am: 02.11.2020]},
	howpublished = {\url{https://www.bsi.bund.de/SharedDocs/Downloads/DE/BSI/Publikationen/Lageberichte/Lagebericht2020.pdf?__blob=publicationFile&v=2}}
}
@inproceedings{.2009,
	title        = {Open Source vs. Closed Source Software: Towards Measuring Security},
	author       = {Schryen, Guido and Kadura, Rouven},
	year         = 2009,
	booktitle    = {Proceedings of the 2009 ACM Symposium on Applied Computing},
	location     = {Honolulu, Hawaii},
	publisher    = {Association for Computing Machinery},
	address      = {New York, NY, USA},
	series       = {SAC '09},
	pages        = {2016–2023},
	doi          = {10.1145/1529282.1529731},
	isbn         = 9781605581668,
	note         = {[Abgerufen am: 09.11.2020]},
	howpublished = {\url{https://doi.org/10.1145/1529282.1529731}},
	abstract     = {The increasing availability and deployment of open source software in personal and commercial environments makes open source software highly appealing for hackers, and others who are interested in exploiting software vulnerabilities. This deployment has resulted in a debate "full of religion" on the security of open source software compared to that of closed source software. However, beyond such arguments, only little quantitative analysis on this research issue has taken place. We discuss the state-of-the-art of the security debate and identify shortcomings. Based on these, we propose new metrics, which allows to answer the question to what extent the review process of open source and closed source development has helped to fix vulnerabilities. We illustrate the application of some of these metrics in a case study on OpenOffice (open source software) vs. Microsoft Office (closed source software).},
	numpages     = 8,
	keywords     = {closed source software, security, metrics, open source software}
}
@misc{Destatis.,
	title        = {{Private Haushalte in der Informationsgesellschaft: Nutzung von Informa-tions-und Kommunikationstechnologien: Statistisches Bundesamt}},
	author       = {Destatis},
	urldate      = {11.08.2020},
	howpublished = {\url{https://www.destatis.de/DE/Themen/Gesellschaft-Umwelt/Einkommen-Konsum-Lebensbedingungen/IT-Nutzung/Publikationen/Downloads-IT-Nutzung/private-haushalte-ikt-2150400187004.pdf?__blob=publicationFile}}
}
@misc{FraunhoferFKIE.2020,
	title        = {{FACT~Core}},
	author       = {{Fraunhofer FKIE}},
	year         = 2020,
	urldate      = {04.01.2021},
	note         = {[Abgerufen am: 26.10.2020]},
	howpublished = {\url{https://github.com/fkie-cad/FACT_core}}
}
@misc{FraunhoferFKIE.2020b,
	title        = {{FACT~Core}},
	author       = {{Fraunhofer FKIE}},
	year         = 2020,
	urldate      = {04.01.2021},
	note         = {[Abgerufen am: 26.10.2020]},
	howpublished = {\url{https://github.com/fkie-cad/FACT_core/blob/master/README.md}}
}
@misc{FKIE,
	title        = {{FACT Dokumentation}},
	author       = {{Fraunhofer FKIE}},
	year         = 2020,
	urldate      = {20.01.2021},
	note         = {[Abgerufen am: 20.01.2021]},
	howpublished = {\url{https://fkie-cad.github.io/FACT_core/index.html}}
}
@misc{FreifunkInitiative.,
	title        = {{OpenWrt}},
	author       = {{Freifunk Initiative}},
	urldate      = {11.08.2020},
	note         = {[Abgerufen am: 26.10.2020]},
	howpublished = {\url{https://wiki.freifunk.net/OpenWrt}}
}
@misc{RubenGonzalez.29.04.2019,
	title        = {{Hackerpraktikum WS-18: Folien zur Vorlesung}},
	author       = {{Ruben Gonzalez}, Konstantin Wurster},
	year         = {29.04.2019},
	address      = {Hochschule Bonn-Rhein-Sieg}
}
@misc{Luigi.2020,
	title        = {{Management der IT-Sicherheit: Folien zur Vorlesung}},
	author       = {{Prof. Dr.-Ing. Luigi Lo Iacono}},
	year         = 2020,
	address      = {Hochschule Bonn-Rhein-Sieg}
}
@misc{Mitre.2020,
	title        = {{About CVE}},
	author       = {{The MITRE Corporation}},
	year         = 2020,
	urldate      = {20.01.2021},
	note         = {[Abgerufen am: 20.01.2021]},
	howpublished = {\url{https://cve.mitre.org/about/}}
}
@misc{CVSS2.2007,
	title        = {{A Complete Guide to the Common Vulnerability Scoring System Version 2.0}},
	author       = {{Peter Mell, Karen Scarfone , Sasha Romanosky}},
	year         = 2007,
	howpublished = {\url{https://www.first.org/cvss/v2/cvss-v2-guide.pdf}},
	urldate      = {20.01.2021},
	note         = {[Abgerufen am: 20.01.2021]}
}
@misc{CVSS3.2015,
	title        = {{Common Vulnerability Scoring System v3.0: Specification Document}},
	author       = {FIRST},
	year         = 2015,
	howpublished = {\url{https://www.first.org/cvss/v3.0/cvss-v30-specification_v1.9.pdf}},
	note         = {[Abgerufen am: 20.01.2021]}
}
@misc{GitHubInc..,
	title        = {{openwrt GitHub Insights}},
	urldate      = {14.11.2019},
	note         = {[Abgerufen am: 14.11.2020]},
	editor       = {{GitHub Inc.}},
	howpublished = {\url{https://github.com/openwrt/openwrt/graphs/contributors}}
}
@book{Holt.2014,
	title        = {{Embedded Operating Systems}},
	author       = {Holt, Alan and Huang, Chi-Yu},
	year         = 2014,
	publisher    = {{Springer London}},
	address      = {London},
	doi          = {\url{10.1007/978-1-4471-6603-0}},
	isbn         = {978-1-4471-6602-3}
}
@book{Howlett.2004,
	title        = {{Open source security tools}},
	author       = {Howlett, Tony},
	year         = 2004,
	publisher    = {{Prentice Hall}},
	file         = {http://tocs.ub.uni-mainz.de/pdfs/123865603.pdf}
}
@proceedings{InstituteofElectricalandElectronicsEngineers.2014,
	title        = {{2nd International Conference on Systems and Informatics (ICSAI), 2014: 15 - 17 Nov. 2014, Wistaria Hotel, Shanghai, China}},
	year         = 2014,
	publisher    = {IEEE},
	address      = {Piscataway, NJ},
	isbn         = {978-1-4799-5458-2},
	keywords     = {Computer science;Computer systems;Congresses},
	institution  = {{Institute of Electrical and Electronics Engineers} and {IEEE Systems, Man, and Cybernetics Society} and {Shang hai dian ji xue yuan} and {International Conference on Systems and Informatics} and ICSAI}
}
@book{Kozierok.2005,
	title        = {{The TCP/IP guide: A comprehensive, illustrated Internet protocols reference}},
	author       = {Kozierok, Charles M.},
	year         = 2005,
	publisher    = {{No Starch Press}},
	address      = {San Francisco},
	series       = {{Safari Books Online}},
	isbn         = {159327047X},
	url          = {\url{http://proquest.tech.safaribooksonline.de/9781593270476}},
	edition      = {1st ed.},
	file         = {http://proquest.safaribooksonline.com/9781593270476}
}
@article{Lawton.2002,
	title        = {{Open source security: opportunity or oxymoron?}},
	author       = {Lawton, George},
	year         = 2002,
	journal      = {{Computer}},
	volume       = 35,
	number       = 3,
	pages        = {18--21},
	issn         = {0018-9162},
	file         = {https://ieeexplore.ieee.org/abstract/document/989921/}
}
@inproceedings{Li.2014,
	title        = {{Vulnerability mining of Cisco router based on fuzzing}},
	author       = {Li, Fengjiao and Zhang, Luyong and Chen, Dianjun},
	year         = 2014,
	booktitle    = {{2nd International Conference on Systems and Informatics (ICSAI), 2014}},
	publisher    = {IEEE},
	address      = {Piscataway, NJ},
	pages        = {649--653},
	doi          = {\url{10.1109/ICSAI.2014.7009366}},
	isbn         = {978-1-4799-5458-2},
	urldate      = {14.11.2019},
	file         = {http://ieeexplore.ieee.org/document/7009366/}
}
@misc{MITRECorporation.,
	title        = {{Cisco IOS Security Vulnerabilities}},
	author       = {{MITRE Corporation}},
	urldate      = {14.11.2019},
	editor       = {{MITRE Corporation}},
	howpublished = {\url{https://www.cvedetails.com/vulnerability-list/vendor_id-16/product_id-19/Cisco-IOS.html}}
}
@misc{MITRECorporation.b,
	title        = {{OpenWrt Security Vulnerabilities}},
	author       = {{MITRE Corporation}},
	urldate      = {14.11.2019},
	editor       = {{MITRE Corporation}},
	howpublished = {\url{https://www.cvedetails.com/vulnerability-list/vendor_id-18578/Openwrt.html}}
}
@book{Mohammed.2016,
	title        = {{Honeypots and routers: Collecting internet attacks}},
	author       = {Mohammed, Mohssen and Rehman, Habib-ur},
	year         = 2016,
	publisher    = {{CRC Press}},
	address      = {Boca Raton and London and New York},
	series       = {{An Auerbach book}},
	isbn         = 1498702198
}
@misc{NationalInstituteofStandardsandTechnology.2020,
	title        = {{Cisco IOS CVE Entries}},
	author       = {{National Institute of Standards and Technology}},
	year         = 2020,
	urldate      = {11.08.2020},
	howpublished = {\url{https://nvd.nist.gov/vuln/search/results?form_type=Basic&results_type=overview&query=Cisco+IOS&queryType=phrase&search_type=all}}
}
@misc{OpenWrtProject.2020,
	title        = {{Statistical Overview}},
	author       = {{OpenWrt Project}},
	year         = 2020,
	urldate      = {11.08.2020},
	note         = {[Abgerufen am: 28.10.2020]},
	howpublished = {\url{https://downloads.openwrt.org/stats/}}
}
@misc{OpenWrtWebsite.,
	title        = {{Documentation of the OpenWrt Project}},
	author       = {{OpenWrt Website}},
	urldate      = {11.08.2020},
	note         = {[Abgerufen am: 28.10.2020]},
	howpublished = {\url{https://openwrt.org/docs/start}}
}
@misc{OpenWrtSecurity,
	title        = {{Security}},
	author       = {{OpenWrt Website}},
	urldate      = {11.08.2020},
	note         = {[Abgerufen am: 20.01.2021]},
	howpublished = {\url{https://openwrt.org/docs/guide-developer/security}}
}
@misc{OpenWrtWebsiteLogread,
	title        = {{Runtime Logging in OpenWrt}},
	author       = {{OpenWrt Website}},
	urldate      = {19.08.2020},
	note         = {[Abgerufen am: 16.01.2021]},
	howpublished = {\url{https://openwrt.org/docs/guide-user/base-system/log.essentials}}
}
@article{Payne.2002,
	title        = {{On the security of open source software}},
	author       = {Payne, Christian},
	year         = 2002,
	journal      = {{Information systems journal}},
	volume       = 12,
	number       = 1,
	pages        = {61--78},
	issn         = {1350-1917},
	file         = {https://onlinelibrary.wiley.com/doi/abs/10.1046/j.1365-2575.2002.00118.x}
}
@misc{PeterWeidenbachJohannesvomDorp.2020,
	title        = {{Home Router Security Report 2020}},
	author       = {{Peter Weidenbach, Johannes vom Dorp}},
	year         = 2020,
	urldate      = {11.08.2020},
	note         = {[Abgerufen am: 27.10.2020]},
	howpublished = {\url{https://www.fkie.fraunhofer.de/content/dam/fkie/de/documents/HomeRouter/HomeRouterSecurity_2020_Bericht.pdf}}
}
@misc{Pipereau.2017,
	title        = {{Python-OpenVAS, OpenVAS Vulnerability Scanner CLI wrapper for scan automation {\&} clusterization}},
	author       = {Pipereau, Yohan},
	url          = {\url{http://cds.cern.ch/record/2281765/files/report.pdf}},
	date         = 2017
}
@book{Raymond.2001,
	title        = {{The cathedral and the bazaar: Musing on Linux and Open Source by an accidental revolutionary}},
	author       = {Raymond, Eric S.},
	year         = 2001,
	publisher    = {O'Reilly},
	address      = {Beijing ... [et al.]},
	isbn         = {0596001088},
	edition      = {Ed. rev. and exp},
	file         = {http://www.worldcat.org/oclc/1077283704}
}
@book{Schudel.2008,
	title        = {{Router security strategies: Securing IP network traffic planes ; [segment and protect traffic in the data, control, management, and services planes}},
	author       = {Schudel, Gregg and Smith, David J.},
	year         = 2008,
	publisher    = {{Cisco Press}},
	address      = {Indianapolis, Ind.},
	series       = {{Cisco security}},
	isbn         = {978-1587053368}
}
@book{Spillner.2019,
	title        = {{Basiswissen Softwaretest: Aus- und Weiterbildung zum Certified Tester : Foundation Level nach ISTQB-Standard}},
	author       = {Spillner, Andreas and Linz, Tilo},
	year         = 2019,
	isbn         = 3864905834,
	price        = {circa EUR 39.90 (DE), circa EUR 41.10 (AT)},
	edition      = {6., {\"u}berarbeitete und aktualisierte Auflage},
	file         = {http://deposit.dnb.de/cgi-bin/dokserv?id=457f4d52c16b4ddf8d5683e9f47a0cb5&prov=M&dok_var=1&dok_ext=htm}
}
@misc{StatistischesBundesamt.2020,
	title        = {{Ausstattung privater Haushalte mit Internetzugang und Breitbandanschluss im Zeitvergleich}},
	author       = {{Statistisches Bundesamt}},
	year         = 2020,
	urldate      = {04.01.2021},
	note         = {[Abgerufen am: 30.10.2020]},
	howpublished = {\url{https://www.destatis.de/DE/Themen/Gesellschaft-Umwelt/Einkommen-Konsum-Lebensbedingungen/Ausstattung-Gebrauchsgueter/Tabellen/zeitvergleich-ausstattung-ikt.html}}
}
@book{Stevens.2011,
	title        = {{TCP/IP illustrated, Volume 1, The protocols}},
	author       = {Stevens, W. Richard and Fall, Kevin W.},
	year         = 2011,
	publisher    = {Addison-Wesley},
	address      = {Boston, MA},
	series       = {{Addison-Wesley professional computing series}},
	isbn         = {978-0321336316},
	url          = {\url{http://proquest.tech.safaribooksonline.de/9780132808200}},
	abstract     = {Includes bibliographical references},
	edition      = {2.  ed.},
	file         = {http://proquest.safaribooksonline.com/9780132808200}
}
@misc{SynergyResearchGroup.2018,
	title        = {{Ethernet Switch {\&} Router Market at an All-time High: Cisco Increases its Market Share}},
	author       = {{Synergy Research Group}},
	year         = 2018,
	urldate      = {14.11.2019},
	editor       = {{Synergy Research Group}},
	howpublished = {\url{https://www.srgresearch.com/articles/ethernet-switch-router-market-nudges-all-time-high-cisco-increases-its-market-share}}
}
@book{Takanen.2018,
	title        = {{Fuzzing for software security testing and quality assurance}},
	author       = {Takanen, Ari and Demott, Jared D. and Miller, Charles and Kettunen, Atte},
	year         = 2018,
	publisher    = {{Artech House}},
	isbn         = 1630815195,
	url          = {\url{https://books.google.de/books?hl=de&lr=&id=tKN5DwAAQBAJ&oi=fnd&pg=PR15&dq=fuzzing&ots=dOjHqWN85b&sig=DOP3JNb_UN_LtesbYJ4mV5-JqtQ}}
}
@misc{WikimediaFoundation.28.10.2019,
	title        = {{Cisco IOS}},
	year         = {28.10.2019},
	urldate      = {14.11.2019},
	editor       = {{Wikimedia Foundation}, Inc},
	howpublished = {\url{https://en.wikipedia.org/wiki/Cisco_IOS}}
}
@book{Wrightson.2012,
	title        = {{Wireless network security: A beginner's guide [set up and maintain secure wireless networks; find out how hackers break in and how to stop them; avoid attacks and prevent vulnerabilities}},
	author       = {Wrightson, Tyler},
	year         = 2012,
	publisher    = {McGraw-Hill},
	address      = {New York, NY},
	isbn         = {0071760946},
	file         = {https://external.dandelon.com/download/attachments/dandelon/ids/CH001874F0AC8D6A4BFC6C1257C740046800C.pdf}
}
@article{Xiao.2020,
	title        = {{A case study on modularity violations in cyber--physical systems}},
	author       = {Xiao, Lu and Pennock, Michael J. and Cardoso, Joana L. F. P. and Wang, Xiao},
	year         = 2020,
	journal      = {{Systems Engineering}},
	volume       = 23,
	number       = 3,
	pages        = {338--349},
	doi          = {\url{10.1002/sys.21530}},
	issn         = {1098-1241}
}
@article{Xie.2014,
	title        = {{Implementation of Smart Home Terminal Based on OpenWrt}},
	author       = {Xie, Feng and Wu, Ming Hou and Zhang, Zhen Rong and Ge, Zhi Hui},
	year         = 2014,
	journal      = {{Applied Mechanics and Materials}},
	volume       = {519-520},
	pages        = {516--519},
	doi          = {\url{10.4028/www.scientific.net/AMM.519-520.516}}
}
@misc{DanielStenberg.2020,
 author = {{Daniel Stenberg}},
 year = {2020},
 title = {curl.1 the man page},
 howpublished = {\url{https://curl.se/docs/manpage.html}},
 note = {[Abgerufen am: 20.01.2021]}
}
@misc{TheInternetSociety.2000,
 author = {{The Internet Society}},
 year = {2000},
 title = {{HTTP Over TLS}},
 howpublished = {\url{https://tools.ietf.org/html/rfc2818}},
 note = {[Abgerufen am: 20.01.2021]}
}
@misc{MozillaFoundation.2020,
 author = {{Mozilla Foundation}},
 year = {2020},
 title = {{HTTPS-Only Mode in Firefox}},
 howpublished = {\url{https://support.mozilla.org/en-US/kb/https-only-prefs}},
 note = {[Abgerufen am: 20.01.2021]}
}

@misc{SecureSoftwareInc..2013,
 author = {{Secure Software, Inc.}},
 year = {2013},
 title = {{RATS - Rough Auditing Tool for Security}},
 howpublished = {\url{https://github.com/andrew-d/rough-auditing-tool-for-security}},
 note = {[Abgerufen am: 21.01.2021]}
}

@misc{ZAP.2020,
 author = {{The OWASP® Foundation}},
 year = {2020},
 title = {OWASP® Zed Attack Proxy (ZAP)}},
 howpublished = {\url{https://www.zaproxy.org}},
 note = {[Abgerufen am: 21.01.2021]}
}


@misc{MASSCAN.2020,
 author = {{Robert David Graham}},
 year = {2021},
 title = {MASSCAN: Mass IP port scanner}},
 howpublished = {\url{https://github.com/robertdavidgraham/masscan}},
 note = {[Abgerufen am: 21.01.2021]}
}
@misc{ANGRYIP.2020,
 author = {{Anton Keks}},
 year = {2020},
 title = {{Angry IP Scanner: Fast and friendly network scanner}},
 howpublished = {\url{https://angryip.org}},
 note = {[Abgerufen am: 21.01.2021]}
}
@misc{sniff.2020,
 author = {{netsniff-ng}},
 year = {2021},
 title = {{netsniff-ng toolkit}},
 howpublished = {\url{http://netsniff-ng.org}},
 note = {[Abgerufen am: 21.01.2021]}
}

@misc{etter.2020,
 author = {Alberto Ornaghi, Marco Valleri},
 year = {2021},
 title = {{About the Ettercap Projekt}},
 howpublished = {\url{https://www.ettercap-project.org/about.html}},
 note = {[Abgerufen am: 21.01.2021]}
}

